@inproceedings{fathi2012social,
  title={Social interactions: A first-person perspective},
  author={Fathi, Alircza and Hodgins, Jessica K and Rehg, James M},
  booktitle={Computer Vision and Pattern Recognition (CVPR), 2012 IEEE Conference on},
  pages={1226--1233},
  year={2012},
  organization={IEEE}
}

@inproceedings{nips15_recasens,
 author = "Adria Recasens$^*$ and Aditya Khosla$^*$ and Carl Vondrick and Antonio Torralba",
 title = "Where are they looking?",
 booktitle = "Advances in Neural Information Processing Systems (NIPS)",
 year = "2015",
 note = "$^*$ indicates equal contribution"
}

@article{parks2015augmented,
  title={Augmented saliency model using automatic 3d head pose detection and learned gaze following in natural scenes},
  author={Parks, Daniel and Borji, Ali and Itti, Laurent},
  journal={Vision research},
  volume={116},
  pages={113--126},
  year={2015},
  publisher={Elsevier}
}

@inproceedings{xiao2010sun,
  title={Sun database: Large-scale scene recognition from abbey to zoo},
  author={Xiao, Jianxiong and Hays, James and Ehinger, Krista A and Oliva, Aude and Torralba, Antonio},
  booktitle={Computer vision and pattern recognition (CVPR), 2010 IEEE conference on},
  pages={3485--3492},
  year={2010},
  organization={IEEE}
}

@inproceedings{lin2014microsoft,
  title={Microsoft coco: Common objects in context},
  author={Lin, Tsung-Yi and Maire, Michael and Belongie, Serge and Hays, James and Perona, Pietro and Ramanan, Deva and Doll{\'a}r, Piotr and Zitnick, C Lawrence},
  booktitle={European Conference on Computer Vision},
  pages={740--755},
  year={2014},
  organization={Springer}
}

@inproceedings{zhou2014learning,
  title={Learning deep features for scene recognition using places database},
  author={Zhou, Bolei and Lapedriza, Agata and Xiao, Jianxiong and Torralba, Antonio and Oliva, Aude},
  booktitle={Advances in neural information processing systems},
  pages={487--495},
  year={2014}
}

@article{everingham2010pascal,
  title={The pascal visual object classes (voc) challenge},
  author={Everingham, Mark and Van Gool, Luc and Williams, Christopher KI and Winn, John and Zisserman, Andrew},
  journal={International journal of computer vision},
  volume={88},
  number={2},
  pages={303--338},
  year={2010},
  publisher={Springer}
}

@inproceedings{yao2011human,
  title={Human action recognition by learning bases of action attributes and parts},
  author={Yao, Bangpeng and Jiang, Xiaoye and Khosla, Aditya and Lin, Andy Lai and Guibas, Leonidas and Fei-Fei, Li},
  booktitle={2011 International Conference on Computer Vision},
  pages={1331--1338},
  year={2011},
  organization={IEEE}
}

@article{russakovsky2015imagenet,
  title={Imagenet large scale visual recognition challenge},
  author={Russakovsky, Olga and Deng, Jia and Su, Hao and Krause, Jonathan and Satheesh, Sanjeev and Ma, Sean and Huang, Zhiheng and Karpathy, Andrej and Khosla, Aditya and Bernstein, Michael and others},
  journal={International Journal of Computer Vision},
  volume={115},
  number={3},
  pages={211--252},
  year={2015},
  publisher={Springer}
}

@article{marin2014detecting,
  title={Detecting people looking at each other in videos},
  author={Mar{\'\i}n-Jim{\'e}nez, Manuel Jes{\'u}s and Zisserman, Andrew and Eichner, Marcin and Ferrari, Vittorio},
  journal={International Journal of Computer Vision},
  volume={106},
  number={3},
  pages={282--296},
  year={2014},
  publisher={Springer}
}

@inproceedings{soo2015social,
  title={Social saliency prediction},
  author={Soo Park, Hyun and Shi, Jianbo},
  booktitle={Proceedings of the IEEE Conference on Computer Vision and Pattern Recognition},
  pages={4777--4785},
  year={2015}
}

@inproceedings{soo2013predicting,
  title={Predicting primary gaze behavior using social saliency fields},
  author={Soo Park, Hyun and Jain, Eakta and Sheikh, Yaser},
  booktitle={Proceedings of the IEEE International Conference on Computer Vision},
  pages={3503--3510},
  year={2013}
}

@article{borji2014complementary,
  title={Complementary effects of gaze direction and early saliency in guiding fixations during free viewing},
  author={Borji, Ali and Parks, Daniel and Itti, Laurent},
  journal={Journal of vision},
  volume={14},
  number={13},
  pages={3--3},
  year={2014},
  publisher={The Association for Research in Vision and Ophthalmology}
}

@inproceedings{jia2014caffe,
  title={Caffe: Convolutional architecture for fast feature embedding},
  author={Jia, Yangqing and Shelhamer, Evan and Donahue, Jeff and Karayev, Sergey and Long, Jonathan and Girshick, Ross and Guadarrama, Sergio and Darrell, Trevor},
  booktitle={Proceedings of the 22nd ACM international conference on Multimedia},
  pages={675--678},
  year={2014},
  organization={ACM}
}

@article{marin2011here,
  title={Hereâ€™s looking at you, kid},
  author={Mar{\'\i}n-Jim{\'e}nez, Manuel J and Zisserman, Andrew and Ferrari, Vittorio},
  journal={Detecting people looking at each other in videos. In BMVC},
  volume={5},
  year={2011}
}

@inproceedings{zhu2012face,
  title={Face detection, pose estimation, and landmark localization in the wild},
  author={Zhu, Xiangxin and Ramanan, Deva},
  booktitle={Computer Vision and Pattern Recognition (CVPR), 2012 IEEE Conference on},
  pages={2879--2886},
  year={2012},
  organization={IEEE}
}

@inproceedings{newman2000real,
  title={Real-time stereo tracking for head pose and gaze estimation},
  author={Newman, Rhys and Matsumoto, Yoshio and Rougeaux, Sebastien and Zelinsky, Alexander},
  booktitle={Automatic Face and Gesture Recognition, 2000. Proceedings. Fourth IEEE International Conference on},
  pages={122--128},
  year={2000},
  organization={IEEE}
}

@article{emery2000eyes,
  title={The eyes have it: the neuroethology, function and evolution of social gaze},
  author={Emery, Nathan J},
  journal={Neuroscience \& Biobehavioral Reviews},
  volume={24},
  number={6},
  pages={581--604},
  year={2000},
  publisher={Elsevier}
}

@book{flom2007gaze,
  title={Gaze-following: Its development and significance.},
  author={Flom, Ross Ed and Lee, Kang Ed and Muir, Darwin Ed},
  year={2007},
  publisher={Lawrence Erlbaum Associates Publishers}
}

@article{garcia2012saliency,
  title={Saliency from hierarchical adaptation through decorrelation and variance normalization},
  author={Garcia-Diaz, Ant{\'o}n and Fdez-Vidal, Xos{\'e} R and Pardo, Xos{\'e} M and Dosil, Raquel},
  journal={Image and Vision Computing},
  volume={30},
  number={1},
  pages={51--64},
  year={2012},
  publisher={Elsevier}
}

@article{boykov2001fast,
  title={Fast approximate energy minimization via graph cuts},
  author={Boykov, Yuri and Veksler, Olga and Zabih, Ramin},
  journal={IEEE Transactions on pattern analysis and machine intelligence},
  volume={23},
  number={11},
  pages={1222--1239},
  year={2001},
  publisher={IEEE}
}

@article{wang2013markov,
  title={Markov random field modeling, inference \& learning in computer vision \& image understanding: A survey},
  author={Wang, Chaohui and Komodakis, Nikos and Paragios, Nikos},
  journal={Computer Vision and Image Understanding},
  volume={117},
  number={11},
  pages={1610--1627},
  year={2013},
  publisher={Elsevier}
}

@article{quattoni2007hidden,
  title={Hidden conditional random fields},
  author={Quattoni, Ariadna and Wang, Sybor and Morency, Louis-Philippe and Collins, Michael and Darrell, Trevor},
  journal={IEEE Trans. Pattern Anal. Mach. Intell.},
  volume={29},
  number={10},
  pages={1848--1852},
  year={2007}
}

@inproceedings{krizhevsky2012imagenet,
  title={Imagenet classification with deep convolutional neural networks},
  author={Krizhevsky, Alex and Sutskever, Ilya and Hinton, Geoffrey E},
  booktitle={Advances in neural information processing systems},
  pages={1097--1105},
  year={2012}
}
